<?xml version="1.0" encoding="UTF-8"?><collection xmlns="http://www.loc.gov/MARC21/slim"><record><leader>00336nam--2200133-i-4500</leader><controlfield tag="001">000028834</controlfield><controlfield tag="002">20161230</controlfield><controlfield tag="005">20161230201037</controlfield><controlfield tag="008">060222s1000------------r-----000-0-eng-d</controlfield><datafield ind1=" " ind2=" " tag="080"><subfield code="a">663.63</subfield></datafield><datafield ind1=" " ind2=" " tag="100"><subfield code="a">Kulschi, L.A</subfield></datafield><datafield ind1=" " ind2=" " tag="245"><subfield code="a">Rationalizarea tehnologiei epurarii apelor potabile</subfield></datafield><datafield ind1=" " ind2=" " tag="260"><subfield code="a">Bucuresti, I.D.T., 1951. 34p</subfield></datafield><datafield ind1=" " ind2=" " tag="852"><subfield code="a">26863</subfield></datafield></record></collection>